
@misc{center_for_history_and_new_media_zotero_????,
	title = {Zotero {Quick} {Start} {Guide}},
	url = {http://zotero.org/support/quick_start_guide},
	author = {{Center for History and New Media}},
	annote = {Welcome to Zotero!View the Quick Start Guide to learn how to begin collecting, managing, citing, and sharing your research sources.Thanks for installing Zotero.}
}

@article{nolkrantz_electroporation_2001,
	title = {Electroporation of {Single} {Cells} and {Tissues} with an {Electrolyte}-filled {Capillary}},
	volume = {73},
	issn = {0003-2700, 1520-6882},
	url = {http://pubs.acs.org/doi/abs/10.1021/ac010403x},
	doi = {10.1021/ac010403x},
	language = {en},
	number = {18},
	urldate = {2016-03-01},
	journal = {Analytical Chemistry},
	author = {Nolkrantz, Kerstin and Farre, Cecilia and Brederlau, Anke and Karlsson, Roger I. D. and Brennan, Carrie and Eriksson, Peter S. and Weber, Stephen G. and Sandberg, Mats and Orwar, Owe},
	month = sep,
	year = {2001},
	pages = {4469--4477}
}